@book{Wasserman1994,
  author    = {Wasserman, Stanley and Faust, Katherine},
  publisher = {Cambridge university press},
  title     = {Social network analysis: Methods and applications},
  volume    = 8,
  year      = 1994
}

@book{Thulasiraman1992,
  author       = {K. Thulasiraman, M. N. S. Swamy},
  title        = {Basic Concepts, in Graphs: Theory and Algorithms},
  publisher    = {John Wiley \& Sons, Inc.},
  edition      = {First},
  year         = 1992,
  isbn         = {978-0471513568},
}

@book{Diestel2012,
  author    = {Reinhard Diestel},
  title     = {Graph Theory, 4th Edition},
  series    = {Graduate texts in mathematics},
  volume    = {173},
  publisher = {Springer},
  year      = {2012},
  isbn      = {978-3642142789},
}

@book{Barabasi2016,
      author        = {Barabasi, Albert-Laszlo},
      title         = {Network Science},
      publisher     = {Cambridge University Press},
      year          = 2016,
      isbn          = {978-1107076266}
}

@book{Newman2010,
 author = {Newman, Mark},
 title = {Networks: An Introduction},
 year = {2010},
 isbn = {978-0199206650},
 publisher = {Oxford University Press, Inc.},
 address = {New York, NY, USA},
}

@article{Zachary1977,
  author = {Zachary, W.W.},
  journal = {Journal of Anthropological Research},
  pages = {452-473},
  title = {An information flow model for conflict and fission in small groups},
  volume = 33,
  year = 1977
}

@article{Watts1998,
  author = {Watts, Duncan J and Strogatz, Steven H},
  title = {Collective dynamics of 'small-world' networks},
  journal = {nature},
  number = 6684,
  pages = {440--442},
  publisher = {Nature Publishing Group},
  volume = 393,
  year = 1998
}

@article{Girvan2002,
  title={Community structure in social and biological networks},
  author={Girvan, Michelle and Newman, Mark EJ},
  journal={Proceedings of the national academy of sciences},
  volume={99},
  number={12},
  pages={7821--7826},
  year={2002},
  publisher={National Acad Sciences}
}

@article {Erdos1959,
	title = {On Random Graphs I.},
	journal = {Publicationes Mathematicae (Debrecen)},
	volume = {6},
	year = {1959},
	month = {1959},
	pages = {290-297},
	author = {Erdős, Paul and Rényi, Alfréd}
}

@article{Barabasi2002,
  title = {Statistical mechanics of complex networks},
  author = {Albert, Réka and Barabási, Albert-László},
  journal = {Rev. Mod. Phys.},
  volume = {74},
  issue = {1},
  pages = {47--97},
  numpages = {0},
  year = {2002},
  month = {Jan},
  publisher = {American Physical Society},
  doi = {10.1103/RevModPhys.74.47}
}

@article{Reid2011,
  title = {Diffusion in Networks With Overlapping Community Structure},
  author = {Reid, Fergal and Hurley, Neil},
  year = {2011},
  eprint = {arXiv:1105.5849},
}
